<record><leader>00000cas a22000007a 4500</leader><controlfield tag="001">47171073</controlfield><controlfield tag="008">010621d19731975nyumn ne      0    0eng d</controlfield><datafield ind1=" " ind2=" " tag="010"><subfield code="a">sn2001061824</subfield></datafield><datafield ind1=" " ind2=" " tag="040"><subfield code="a">VJN</subfield><subfield code="b">eng</subfield><subfield code="c">VJN</subfield><subfield code="d">NYS</subfield><subfield code="d">OCLCQ</subfield><subfield code="d">OCLCF</subfield><subfield code="d">OCLCO</subfield></datafield><datafield ind1="1" ind2=" " tag="029"><subfield code="a">AU@</subfield><subfield code="b">000022850228</subfield></datafield><datafield ind1="1" ind2=" " tag="029"><subfield code="a">AU@</subfield><subfield code="b">000022862431</subfield></datafield><datafield ind1=" " ind2=" " tag="042"><subfield code="a">msc</subfield></datafield><datafield ind1=" " ind2=" " tag="043"><subfield code="a">n-us-ny</subfield></datafield><datafield ind1="0" ind2=" " tag="130"><subfield code="a">Gadfly (Albany, N.Y.)</subfield></datafield><datafield ind1="1" ind2="4" tag="245"><subfield code="a">The gadfly.</subfield></datafield><datafield ind1=" " ind2=" " tag="260"><subfield code="a">Albany, N.Y. :</subfield><subfield code="b">College of Saint Rose,</subfield><subfield code="c">1973-1975.</subfield></datafield><datafield ind1=" " ind2=" " tag="300"><subfield code="a">v. :</subfield><subfield code="b">ill.</subfield></datafield><datafield ind1=" " ind2=" " tag="310"><subfield code="a">Monthly (during the college year),</subfield><subfield code="b">&lt;1974&gt;-1975</subfield></datafield><datafield ind1=" " ind2=" " tag="321"><subfield code="a">Semimonthly (during the college year),</subfield><subfield code="b">1973-</subfield></datafield><datafield ind1="1" ind2=" " tag="362"><subfield code="a">Began in 1973; ceased in 1975.</subfield></datafield><datafield ind1="1" ind2=" " tag="490"><subfield code="a">The College of Saint Rose student newspapers</subfield></datafield><datafield ind1=" " ind2=" " tag="506"><subfield code="a">Original issues available in the Archives (3rd floor).</subfield></datafield><datafield ind1=" " ind2=" " tag="530"><subfield code="a">Also issued on microfilm from the New York State Library.</subfield></datafield><datafield ind1=" " ind2=" " tag="588"><subfield code="a">Description based on: Vol. 38, no. 2 (Oct. 26, 1973).</subfield></datafield><datafield ind1=" " ind2=" " tag="588"><subfield code="a">Latest issue consulted: Vol. 39, no. 6 (Apr. 25, 1975).</subfield></datafield><datafield ind1="2" ind2="0" tag="610"><subfield code="a">College of Saint Rose (Albany, N.Y.)</subfield></datafield><datafield ind1=" " ind2="0" tag="650"><subfield code="a">College student newspapers and periodicals</subfield><subfield code="z">New York (State)</subfield><subfield code="z">Albany.</subfield></datafield><datafield ind1=" " ind2="0" tag="651"><subfield code="a">Albany (N.Y.)</subfield><subfield code="v">Newspapers.</subfield></datafield><datafield ind1=" " ind2="0" tag="651"><subfield code="a">Albany County (N.Y.)</subfield><subfield code="v">Newspapers.</subfield></datafield><datafield ind1=" " ind2="7" tag="655"><subfield code="a">College student newspapers</subfield><subfield code="z">New York (State)</subfield><subfield code="z">Albany.</subfield><subfield code="2">ngl</subfield></datafield><datafield ind1=" " ind2="7" tag="655"><subfield code="a">Newspapers.</subfield><subfield code="2">fast</subfield><subfield code="0">(OCoLC)fst01423814</subfield></datafield><datafield ind1="2" ind2="7" tag="610"><subfield code="a">College of Saint Rose (Albany, N.Y.)</subfield><subfield code="2">fast</subfield><subfield code="0">(OCoLC)fst00602220</subfield></datafield><datafield ind1=" " ind2="7" tag="650"><subfield code="a">College student newspapers and periodicals.</subfield><subfield code="2">fast</subfield><subfield code="0">(OCoLC)fst00867966</subfield></datafield><datafield ind1=" " ind2="7" tag="651"><subfield code="a">New York (State)</subfield><subfield code="z">Albany.</subfield><subfield code="2">fast</subfield><subfield code="0">(OCoLC)fst01225716</subfield></datafield><datafield ind1=" " ind2="7" tag="651"><subfield code="a">New York (State)</subfield><subfield code="z">Albany County.</subfield><subfield code="2">fast</subfield><subfield code="0">(OCoLC)fst01210357</subfield></datafield><datafield ind1="2" ind2=" " tag="710"><subfield code="a">College of Saint Rose (Albany, N.Y.)</subfield></datafield><datafield ind1=" " ind2=" " tag="752"><subfield code="a">United States</subfield><subfield code="b">New York</subfield><subfield code="c">Albany</subfield><subfield code="d">Albany.</subfield></datafield><datafield ind1="0" ind2="0" tag="780"><subfield code="t">Apocalypse (Albany, N.Y.)</subfield><subfield code="w">(DLC)sn2001061823</subfield><subfield code="w">(OCoLC)47171069</subfield></datafield><datafield ind1="0" ind2="0" tag="785"><subfield code="t">Inscape (Albany, N.Y. : 1975)</subfield><subfield code="w">(DLC)sn2001061825</subfield><subfield code="w">(OCoLC)47171104</subfield></datafield><datafield ind1=" " ind2="0" tag="830"><subfield code="a">College of Saint Rose student newspapers.</subfield></datafield></record>